<record><leader>00000cas a22000007a 4500</leader><controlfield tag="001">12963771</controlfield><controlfield tag="008">860102d17961800dcuwr ne      0    0eng d</controlfield><datafield ind1=" " ind2=" " tag="010"><subfield code="a">sn 86053000 </subfield></datafield><datafield ind1=" " ind2=" " tag="040"><subfield code="a">NPX</subfield><subfield code="b">eng</subfield><subfield code="c">NPX</subfield><subfield code="d">DLC</subfield><subfield code="d">MGN</subfield><subfield code="d">OCLCQ</subfield><subfield code="d">CUS</subfield><subfield code="d">OCLCF</subfield></datafield><datafield ind1="1" ind2=" " tag="029"><subfield code="a">AU@</subfield><subfield code="b">000025785205</subfield></datafield><datafield ind1=" " ind2=" " tag="042"><subfield code="a">msc</subfield></datafield><datafield ind1=" " ind2=" " tag="043"><subfield code="a">n-us-dc</subfield></datafield><datafield ind1="0" ind2="0" tag="050"><subfield code="a">Newspaper</subfield></datafield><datafield ind1=" " ind2="4" tag="050"><subfield code="a">AN</subfield></datafield><datafield ind1="0" ind2="4" tag="245"><subfield code="a">The Centinel, &amp; country gazette.</subfield></datafield><datafield ind1="3" ind2="0" tag="246"><subfield code="a">Centinel, and country gazette</subfield></datafield><datafield ind1=" " ind2=" " tag="260"><subfield code="a">George-town [i.e. Washington, D.C.] :</subfield><subfield code="b">Green, English &amp; Co.</subfield></datafield><datafield ind1=" " ind2=" " tag="300"><subfield code="a">volumes ;</subfield><subfield code="c">38 cm.</subfield></datafield><datafield ind1=" " ind2=" " tag="310"><subfield code="a">Weekly</subfield></datafield><datafield ind1=" " ind2=" " tag="336"><subfield code="a">text</subfield><subfield code="b">txt</subfield><subfield code="2">rdacontent</subfield></datafield><datafield ind1=" " ind2=" " tag="337"><subfield code="a">unmediated</subfield><subfield code="b">n</subfield><subfield code="2">rdamedia</subfield></datafield><datafield ind1=" " ind2=" " tag="338"><subfield code="a">volume</subfield><subfield code="b">nc</subfield><subfield code="2">rdacarrier</subfield></datafield><datafield ind1="1" ind2=" " tag="362"><subfield code="a">Began in May 1796; ceased in Nov. 1800.</subfield></datafield><datafield ind1=" " ind2=" " tag="500"><subfield code="a">Publishers: Green, English &amp; Co., &lt;1798&gt;-1799; Green &amp; English, 1799-1800.</subfield></datafield><datafield ind1=" " ind2=" " tag="500"><subfield code="a">Editor: Samuel Hanson, 1796-1799.</subfield></datafield><datafield ind1=" " ind2=" " tag="580"><subfield code="a">Semiweekly ed.: Centinel of liberty, and George-town advertiser.</subfield></datafield><datafield ind1=" " ind2=" " tag="588"><subfield code="a">Description based on: Vol. 2, no. 6 (June 30, 1797).</subfield></datafield><datafield ind1=" " ind2="0" tag="651"><subfield code="a">Georgetown (Washington, D.C.)</subfield><subfield code="v">Newspapers.</subfield></datafield><datafield ind1=" " ind2="7" tag="655"><subfield code="a">Newspapers.</subfield><subfield code="2">fast</subfield><subfield code="0">(OCoLC)fst01423814</subfield></datafield><datafield ind1=" " ind2="7" tag="651"><subfield code="a">Washington (D.C.)</subfield><subfield code="z">Georgetown.</subfield><subfield code="2">fast</subfield><subfield code="0">(OCoLC)fst01314225</subfield></datafield><datafield ind1="1" ind2=" " tag="700"><subfield code="a">Green, Charles D.</subfield></datafield><datafield ind1="1" ind2=" " tag="700"><subfield code="a">English, David.</subfield></datafield><datafield ind1="1" ind2=" " tag="700"><subfield code="a">Hanson, Samuel.</subfield></datafield><datafield ind1=" " ind2=" " tag="752"><subfield code="a">United States</subfield><subfield code="b">District of Columbia</subfield><subfield code="d">Washington.</subfield></datafield><datafield ind1=" " ind2=" " tag="752"><subfield code="a">United States</subfield><subfield code="b">District of Columbia</subfield><subfield code="d">Georgetown.</subfield></datafield><datafield ind1="1" ind2=" " tag="775"><subfield code="t">Centinel of liberty, and George-town advertiser</subfield><subfield code="w">(DLC)sn 86053010</subfield><subfield code="w">(OCoLC)12982954</subfield></datafield></record>